@Manual{Ref_HDMI_Rx,
 author={Analog Devices},
 title={Low Power 165 MHz HDMI Receiver},
 publisher={www.Analog.com},
 year={2010 - 2012},
}

@Manual{Ref_HDMI_Tx,
 author={Terasic},
 title={High Performance HDMI/DVI Transmitter},
 publisher={www.Analog.com},
 year={2007},
}

@Manual{Ref_GPIO_daughter,
 author={Terasic},
 title={THDB-HTG Terasic HSTC to GPIO Daughter Board},
 publisher={www.terasic.org},
 year={Dec 23, 2008}
}

@Manual{Ref_HDMI_Spec,
 author={Hitachi, Ltd. and Matsushita Electric Industrial Co., Ltd. and Philips Consumer Electronics, International B.V. and Silicon Image, Inc. and Sony Corporation and Thomson Inc. and Toshiba Corporation},
 title={High-Definition Multimedia Interface Specification Version 1.3a},
 publisher={www.microprocessor.org},
 year={November 10, 2006}
}

@Manual{Ref_Memory_Block,
 author={Altera},
 title={Cyclone IV Device Handbook Vol 1},
 publisher={altera.com},
 year={November, 2011}
}

@Manual{Ref_DE2,
  author={Terasic and Altera},
  title={DE2-115 User Manual},
  publisher={www.terasic.com}
  year={2003 - 2013}
}

