@MANUAL{TechDoc_FPGA_Benefits,
 organization={Altera},
 title={Video and Image Processing Design Using FPGAs},
 address={www.Altera.com}
 year={2007}
}

@MANUAL{DataSheet_ADV7611,
 organization={Analog Devices},
 title={Low Power 165 MHz HDMI Receiver},
 address={www.Analog.com},
 year={2010-2012}
}

@MANUAL{DataSheet_ADV7513,
 organization={Analog Devices},
 title={165 MHz, High Performance HDMI Transmitter},
 address={www.Analog.com}
 year={2011-2014}
}

@MANUAL{Guide_ADV7611,
 organization={Analog Devices},
 title={ADV7611 Reference Manual},
 address={www.Analog.com},
 year={2010-2014}
}

@MANUAL{Guide_ADV7513,
 organization={Analog Devices},
 title={ADV7513 Hardware User's Guide rev. 0},
 address={www.Analog.com},
 year={November 2011}
}

@MISC{Web_HDMI_2.0,
 author={www.hdmi.org},
 title={Introducing HDMI 2.0},
 howpublished={Web},
 year={Dec. 2014}
}

@MANUAL{UserManual_DE2,
  organization={Terasic and Altera},
  title={DE2-115 User Manual},
  address={www.terasic.com}
  year={2003 - 2013}
}

@MANUAL{TechDoc_M9K,
 organization={Altera},
 title={Cyclone IV Device Handbook Vol 1},
 address={www.altera.com},
 year={November, 2011}
}

@MANUAL{TechDoc_HDMI_Spec,
 organization={Hitachi, Ltd. and Matsushita Electric Industrial Co., Ltd. and Philips Consumer Electronics, International B.V. and Silicon Image, Inc. and Sony Corporation and Thomson Inc. and Toshiba Corporation},
 title={High-Definition Multimedia Interface Specification Version 1.3a},
 address={www.microprocessor.org},
 year={November 10, 2006}
}

@MANUAL{UserManual_THDB-HTG,
 organization={Terasic},
 title={THDB-HTG Terasic HSTC to GPIO Daughter Board},
 address={www.terasic.org},
 year={Dec 23, 2008}
}


